@CONTROL{REVTEX41Control}
@CONTROL{apsrev41Control,author="08",editor="1",pages="0",title="",year="1"}

@article{Moreland:2014oya,
      author         = "Moreland, J. Scott and Bernhard, Jonah E. and Bass,
                        Steffen A.",
      title          = "{Alternative ansatz to wounded nucleon and binary
                        collision scaling in high-energy nuclear collisions}",
      journal        = "Phys.Rev.",
      number         = "1",
      volume         = "C92",
      pages          = "011901",
      doi            = "10.1103/PhysRevC.92.011901",
      year           = "2015",
      eprint         = "1412.4708",
      archivePrefix  = "arXiv",
      primaryClass   = "nucl-th",
      SLACcitation   = "%%CITATION = ARXIV:1412.4708;%%",
}

@article{Iurii:2014vhlle,
      author         = "Karpenko, Iurii and Huovinen, P. and Bleicher, M. ",
      title          = "{A 3+ 1 dimensional viscous hydrodynamic code for relativistic heavy ion collisions}",
      journal        = "Comput. Phys. Commun",
      number         = "185",
      pages          = "3016",
      doi            = "doi:10.1016/j.cpc.2014.07.010",
      year           = "2014",
      eprint         = "1312.4160",
      archivePrefix  = "arXiv",
      primaryClass   = "nucl-th",
}
